@MISC{wiki:groove,
	author = {{Groove}},
	title = "Groove (music) --- {W}ikipedia{,} The Free Encyclopedia",
	year = "2021",
	url = {\url{https://it.wikipedia.org/wiki/Groove}},
}

@ARTICLE{8350302,
	
	author={Wu, Chih-Wei and Dittmar, Christian and Southall, Carl and Vogl, Richard and Widmer, Gerhard and Hockman, Jason and Müller, Meinard and Lerch, Alexander},
	
	journal={IEEE/ACM Transactions on Audio, Speech, and Language Processing}, 
	
	title={A Review of Automatic Drum Transcription}, 
	
	year={2018},
	
	volume={26},
	
	number={9},
	
	pages={1457-1483},
	
	doi={10.1109/TASLP.2018.2830113}
}

@MISC{Wright06towardsmachine,
	author = {Matthew Wright and Edgar Berdahl},
	title = {Towards machine learning of expressive microtiming in Brazilian drumming},
	year = {2006}
}


@MISC{AfroDeeplearningBeats,
	author = {Magdalena Fuentes, Lucas S. Maia, Martı́n Rocamora, Luiz W. P. Biscainho, Hélène C. Crayencour, Slim Essid, Juan P. Bello},
	title = {Tracking beats and microtiming in afro-latin american
	music using conditional random fields and deep learning},
	year = {}
}

@MISC{QuantifyMicrotiming,
	author = {Kahl Hellmer, Guy Madison},
	title = {Quantifying microtiming patterning and variability in drum kit recordings: a method and some data},
	year = {}
}

@MISC{Nilsson96introductionto,
	author = {Nils J. Nilsson},
	title = {Introduction to Machine Learning. An early draft of a proposed textbook},
	year = {1996}
}
